<?xml version="1.0" encoding="UTF-8"?><collection xmlns="http://www.loc.gov/MARC21/slim"><record><leader>00407nam--2200133-i-4500</leader><controlfield tag="001">000027742</controlfield><controlfield tag="002">20161230</controlfield><controlfield tag="005">20161230201036</controlfield><controlfield tag="008">060222s1000------------r-----000-0-eng-d</controlfield><datafield ind1=" " ind2=" " tag="080"><subfield code="a">674.23</subfield></datafield><datafield ind1=" " ind2=" " tag="100"><subfield code="a">Krucicov, A.M.Si Rabinovici, E.I</subfield></datafield><datafield ind1=" " ind2=" " tag="245"><subfield code="a">Aerografia si vopsirea in profunzime a lemnului in industria mobilei. (trad.din l.rusa)</subfield></datafield><datafield ind1=" " ind2=" " tag="260"><subfield code="a">Bucuresti, Inst.De Docum.Tehnica, F.An, 38p</subfield></datafield><datafield ind1=" " ind2=" " tag="852"><subfield code="a">26361</subfield></datafield></record></collection>